@reference{omp-intro,
author = {Ang Anderson},
title = {Orthogonal Matching Pursuit Algorithm: A brief introduction},
year = {2022},
}

@journal{rani-cs,
author = {M Rani, S B Dhok and R B Deshmukh},
title = {A systematic review of Compressed Sensing: Concepts, Implementations and Applications},
year = {2018},
}

@inproceedings{fast-sparse-coding,
author = {Gregor, Karol and LeCun, Yann},
title = {Learning fast approximations of sparse coding},
year = {2010},
isbn = {9781605589077},
publisher = {Omnipress},
booktitle = {Proceedings of the 27th International Conference on International Conference on Machine Learning},
pages = {399â€“406},
numpages = {8},
series = {ICML'10}
}